<record xmlns="http://www.loc.gov/MARC21/slim" xmlns:xsi="http://www.w3.org/2001/XMLSchema-instance" xsi:schemaLocation="http://www.loc.gov/MARC21/slim http://www.loc.gov/standards/marcxml/schema/MARC21slim.xsd"><leader>02375cz   2200337n  4500</leader><controlfield tag="001">oca01393290 </controlfield><controlfield tag="005">20020628110027.0</controlfield><controlfield tag="008">850429n| acannaabn          |a aaa      </controlfield><datafield ind1=" " ind2=" " tag="010"><subfield code="a">n  85091699 </subfield><subfield code="z">n  92112233 </subfield></datafield><datafield ind1=" " ind2=" " tag="040"><subfield code="a">DLC</subfield><subfield code="b">eng</subfield><subfield code="c">DLC</subfield><subfield code="d">DLC</subfield><subfield code="d">NjP</subfield><subfield code="d">DLC</subfield><subfield code="d">MiU</subfield><subfield code="d">OCoLC</subfield></datafield><datafield ind1=" " ind2="0" tag="053"><subfield code="a">PA8310.F7</subfield></datafield><datafield ind1="1" ind2=" " tag="100"><subfield code="a">Fortunatus, Venantius Honorius Clementianus,</subfield><subfield code="d">ca. 540-ca. 600</subfield></datafield><datafield ind1="1" ind2=" " tag="400"><subfield code="a">Fortunatus, Venantius Honorius Clementianus,</subfield><subfield code="c">Bp.,</subfield><subfield code="d">ca. 540-ca. 600</subfield><subfield code="w">nnaa</subfield></datafield><datafield ind1="0" ind2=" " tag="400"><subfield code="a">Venantius Fortunatus,</subfield><subfield code="c">Bishop of Poitiers,</subfield><subfield code="d">ca. 540-ca. 600</subfield></datafield><datafield ind1="0" ind2=" " tag="400"><subfield code="a">Venantius Honorius Clementianus Fortunatus,</subfield><subfield code="c">Bishop of Poitiers,</subfield><subfield code="d">ca. 540-ca. 600</subfield></datafield><datafield ind1="1" ind2=" " tag="400"><subfield code="a">Venantius Fortunatus, Honorius Clementianus,</subfield><subfield code="d">ca. 540-ca. 600</subfield></datafield><datafield ind1="0" ind2=" " tag="400"><subfield code="a">Venanzio Fortunato,</subfield><subfield code="c">Bishop of Poitiers,</subfield><subfield code="d">ca. 540-ca. 600</subfield></datafield><datafield ind1="0" ind2=" " tag="400"><subfield code="a">Fortunatus,</subfield><subfield code="c">Bishop of Poitiers,</subfield><subfield code="d">ca. 540-ca. 600</subfield></datafield><datafield ind1="1" ind2=" " tag="400"><subfield code="a">Fortunat, Venance,</subfield><subfield code="d">ca. 540-ca. 600</subfield></datafield><datafield ind1=" " ind2=" " tag="670"><subfield code="a">Hoddinott, A. Overture Jack Straw [SR] p1982:</subfield><subfield code="b">container (Venantius Fortunatus)</subfield></datafield><datafield ind1=" " ind2=" " tag="670"><subfield code="a">LC data base, 4-16-85</subfield><subfield code="b">(hdg.: Fortunatus, Venantius Honorius Clementianus, Bp., ca. 540-ca. 600)</subfield></datafield><datafield ind1=" " ind2=" " tag="670"><subfield code="a">Enc. Brit., 15th ed.</subfield><subfield code="b">(Fortunatus, Venantius Honorius Clementianus; b. c. 540, Trevino, Italy; d. c. 600, Poitiers, Fr.)</subfield></datafield><datafield ind1=" " ind2=" " tag="670"><subfield code="a">Enc. Amer., 1975</subfield><subfield code="b">(Fortunatus, Venantius Honorius Clementianus, c. 530-c. 600)</subfield></datafield><datafield ind1=" " ind2=" " tag="670"><subfield code="a">Webster's new bio. dict.</subfield><subfield code="b">(Fortunatus, Venantius Honorius Clementianus, c. 540-c. 600 A.D.)</subfield></datafield><datafield ind1=" " ind2=" " tag="670"><subfield code="a">Chambers bio. dict.</subfield><subfield code="b">(Venantius Fortunatus, Honorius Clementianus, St., d. c. 600)</subfield></datafield><datafield ind1=" " ind2=" " tag="670"><subfield code="a">Holweck, Bio. dict. of the Saints</subfield><subfield code="b">(Venantius Fortunatus (Honorius Clementianus), Bp., C.; b. Duplicabilis near Treviso in Northern Italy; d. shortly after 600)</subfield></datafield><datafield ind1=" " ind2=" " tag="670"><subfield code="a">New Cath. encyc., c1967</subfield><subfield code="b">(Fortunatus, Venantius Honorius Clementianus; poet and bishop of Poitiers; b. c. 530, d. c. 609; by the end of the 8th cent. his tomb was venerated as that of a saint; although not included in the Roman Martyrology, several French and Italian dioceses venerate him as a saint)</subfield></datafield><datafield ind1=" " ind2=" " tag="670"><subfield code="a">His Vite dei Santi Ilario e Redegonda di Poitiers, c1989:</subfield><subfield code="b">t.p. (Venanzio Fortunato) p. 6 (b. ca. 535)</subfield></datafield><datafield ind1=" " ind2=" " tag="670"><subfield code="a">Van Dam, R. Saints and their miracles in late antique Gaul, 1993:</subfield><subfield code="b">CIP t.p. (Fortunatus; bishop of Poitiers)</subfield></datafield><datafield ind1=" " ind2=" " tag="675"><subfield code="a">Collier's enc., 1973.</subfield></datafield><datafield ind1=" " ind2=" " tag="670"><subfield code="a">Labarre, S.  Manteau partagé, 1998:</subfield><subfield code="b">t.p. (Venance Fortunat)</subfield></datafield></record>